@book{b1,
AUTHOR = "Белецкий, Б. Ф.",
TITLE0 = "Технология и механизация строительного производства",
TITLEADD = "Учебник для студентов вузов, обучающихся по направлению Строительство",
TITLE = "Технология и механизация строительного производства : Учебник для студентов вузов, обучающихся по направлению Строительство.",
PUBLISHPLACE = "Ростов н/Д",
PUBLISHER0 = "Феникс",
PUBLISHER = "Феникс, Ростов н/Д",
YEAR = "2003",
PAGES = "752",
SERIES = "Строительство",
SUBJECT = "Строительное дело",
SUBJECTTOPIC = "Учебники и пособия",
KEYWORDS0 = "строительство;механизация строительства;строительные процессы;технология строительства;учебники",
KEYWORDS = "Строительное дело; Учебники и пособия; строительство;механизация строительства;строительные процессы;технология строительства;учебники",
ISBN = "5-222-02864-X",
LANGUAGE = "Russian",
UDC = "624.9.057(075.8)",
RECORDSOURCE = "ruslan-urfu",
SOURCEDATABASE = "main-catalog",
RECORDID = "b1"}
