@book{article,
AUTHOR = "noname",
TITLE0 = "Строительные нормы и правила. Приложение : Сборник единых районных единичных расценок на строительные конструкции и работы",
TITLEADD = "Изд. офиц.",
TITLEPARTNUMBER = "Ч. 4",
TITLEPARTNAME = "Сметные нормы и правила. Гл. 5 : Правила разработки единых районных единичных расценок на строительные конструкции и работы : СНиП IV-5-82 : Сб. 47 : Временные сборно-разборные здания и сооружения : Утв. Гос. ком. СССР по делам стр-ва 30.06.82",
TITLE = "Строительные нормы и правила. Приложение : Сборник единых районных единичных расценок на строительные конструкции и работы : Изд. офиц. Ч. 4. Сметные нормы и правила. Гл. 5 : Правила разработки единых районных единичных расценок на строительные конструкции и работы : СНиП IV-5-82 : Сб. 47 : Временные сборно-разборные здания и сооружения : Утв. Гос. ком. СССР по делам стр-ва 30.06.82",
PUBLISHPLACE = "Москва",
PUBLISHER0 = "Стройиздат",
PUBLISHER = "Стройиздат, Москва",
YEAR = "1984",
PAGES = "12",
KEYWORDS0 = "строительные работы;монтажные работы;сборные здания;сборно-разборные здания;единичные расценки;ЕРЕР;расценки;СНиП IV-5-82;IV-5-82;снипы;строительные нормы;нормативные документы;правила строительные;строительство;нормы строительные",
KEYWORDS = "строительные работы;монтажные работы;сборные здания;сборно-разборные здания;единичные расценки;ЕРЕР;расценки;СНиП IV-5-82;IV-5-82;снипы;строительные нормы;нормативные документы;правила строительные;строительство;нормы строительные",
LANGUAGE = "Russian",
UDC = "624.9.055(083.74)",
RECORDSOURCE = "ruslan-urfu",
SOURCEDATABASE = "main-catalog",
RECORDID = "article"}
