@book{b3,
AUTHOR = "Верстов, В. В. AND Гайдо, А. Н. AND Иванов, Я. В.",
TITLE0 = "Технология и комплексная механизация шпунтовых и свайных работ",
TITLEADD = "учебное пособие",
TITLE = "Технология и комплексная механизация шпунтовых и свайных работ : учебное пособие.",
PUBLISHPLACE = "Санкт-Петербург ; Москва ; Краснодар",
PUBLISHER0 = "Лань",
PUBLISHER = "Лань, Санкт-Петербург ; Москва ; Краснодар",
YEAR = "2012",
PAGES = "288",
SERIES = "Учебники для вузов. Специальная литература",
SUBJECT = "Свайные работы",
SUBJECTFORMAL = "Учебники и пособия",
KEYWORDS0 = "строительство;свайные работы;шпунтовые работы;учебники",
KEYWORDS = "Свайные работы; Учебники и пособия; строительство;свайные работы;шпунтовые работы;учебники",
ISBN = "978-5-8114-1360-7",
LANGUAGE = "Russian",
UDC = "624.155(075.8)",
RECORDSOURCE = "ruslan-urfu",
SOURCEDATABASE = "main-catalog",
RECORDID = "b3"}
